<record><leader>00000cas a22000007a 4500</leader><controlfield tag="001">19972096</controlfield><controlfield tag="008">890706d19211928mouwr ne      0    0eng d</controlfield><datafield ind1=" " ind2=" " tag="010"><subfield code="a">sn 89066787 </subfield></datafield><datafield ind1=" " ind2=" " tag="040"><subfield code="a">MQN</subfield><subfield code="b">eng</subfield><subfield code="c">MQN</subfield><subfield code="d">OCLCQ</subfield></datafield><datafield ind1=" " ind2=" " tag="042"><subfield code="a">msc</subfield></datafield><datafield ind1="0" ind2="4" tag="245"><subfield code="a">The Charleston times.</subfield></datafield><datafield ind1=" " ind2=" " tag="260"><subfield code="a">Charleston, Mo. :</subfield><subfield code="b">S.P. Loebe,</subfield><subfield code="c">-1928.</subfield></datafield><datafield ind1=" " ind2=" " tag="300"><subfield code="a">v.</subfield></datafield><datafield ind1=" " ind2=" " tag="310"><subfield code="a">Weekly</subfield></datafield><datafield ind1="1" ind2=" " tag="362"><subfield code="a">Began in 1921?</subfield></datafield><datafield ind1="0" ind2=" " tag="362"><subfield code="a">-v. 8, no. 11 (Sept. 7, 1928).</subfield></datafield><datafield ind1=" " ind2=" " tag="588"><subfield code="a">Description based on: Vol. 4, no. 50 (June 5, 1925).</subfield></datafield><datafield ind1=" " ind2=" " tag="752"><subfield code="a">United States</subfield><subfield code="b">Missouri</subfield><subfield code="c">Mississippi</subfield><subfield code="d">Charleston.</subfield></datafield><datafield ind1="0" ind2="4" tag="785"><subfield code="t">Enterprise-courier (Charleston, Mo.)</subfield><subfield code="w">(DLC)sn 89066786</subfield></datafield></record>